@book{Klein1997,
 title = {Algorithmische Geometrie},
 url = {http://www.oldenbourg.de/cgi-bin/rotitel?T=24382},
 abstractNote = {Script zur algorithmischen geometrie von prof. minas vom wt10},
 publisher = {examen.press},
 year = 1997,
 pages = {1-355},
 author = {Rolf Klein}
}